@misc{conceptoplacamadre,
  author={Editorial Etecé},
  title={{Placa madre}},
  howpublished={\url{https://concepto.de/placa-madre/}},
  year={2025},
  month={Febrero},
  note={Accedido: 08-04-2025}
}

@misc{definicionplacamandre,
  author={Julián Pérez Porto and María Merino},
  title={{Placa madre}},
  howpublished={\url{https://definicion.de/tarjeta-madre/}},
  year={2021},
  month={Mayo},
  note={Accedido: 08-04-2025}
}

@misc{hptarjetamadre,
  author={HP},
  title={{¿Qué hace la tarjeta madre?}},
  howpublished={\url{https://www.hp.com/mx-es/shop/tech-takes/que-hace-la-tarjeta-madre}},
  year={2021},
  month={Agosto},
  note={Accedido: 08-04-2025}
}

@misc{wikitarjetagrafica,
  author={},
  title={{Tarjeta gráfica - Wikipedia, la enciclopedia libre.}},
  howpublished={\url{https://es.wikipedia.org/wiki/Tarjeta_gráfica}},
  year={},
  month={},
  note={Accedido: 08-04-2025}
}

@misc{juanpblogs,
  author={JUENPEBLOS},
  title={{Tarjetas Gráficas}},
  howpublished={\url{https://juanpeblogs.blogspot.com/2019/01/tarjetas-graficas.html}},
  year={2019},
  month={Enero},
  note={Accedido: 08-04-2025}
}

@misc{tuhome,
  author={TUHOMESTUDIO},
  title={{Interfaz de audio - ¿Qué son y por qué necesitas una en tu home studio? - Tu Home Studio,}},
  howpublished={\url{https://tuhomestudio.com/interfaz-de-audio-que-son-y-por-que-necesitas-una-en-tu-home-studio/}},
  year={2016},
  month={},
  note={Accedido: 08-04-2025}
}

@misc{conceptarjsond,
  author={},
  title={{¿Que es? (Concepto) | Tarjetas de Sonido.}},
  howpublished={\url{https://miriancarvar.wordpress.com/tarjetas-de-sonido/}},
  year={2016},
  month={},
  note={Accedido: 08-04-2025}
}

@misc{wikitarjred,
  author={},
  title={{Tarjeta de red - Wikipedia, la enciclopedia libre.}},
  howpublished={\url{https://es.wikipedia.org/wiki/Tarjeta_de_red}},
  year={},
  month={},
  note={Accedido: 08-04-2025}
}

@misc{tarjcontrol,
  author={},
  title={{TARJETAS CONTROLADORAS.}},
  howpublished={\url{https://www.angelfire.com/nm/mantenimiento/controladoras.html}},
  year={},
  month={},
  note={Accedido: 08-04-2025}
}

@misc{wikitarjexpan,
  author={},
  title={{Tarjeta de expansión - Wikipedia, la enciclopedia libre.}},
  howpublished={\url{https://es.wikipedia.org/wiki/Tarjeta_de_expansión}},
  year={},
  month={},
  note={Accedido: 08-04-2025}
}

@misc{josito,
  author={JOSITO},
  title={{Tarjetas de expansión}},
  howpublished={\url{http://www.configurarequipos.com/doc618.html}},
  year={2007},
  month={},
  note={Accedido: 08-04-2025}
}

@misc{profesionalpila,
  author={Juan Gomar},
  title={{Pila placa base: qué es y cuál es su función}},
  howpublished={\url{https://www.profesionalreview.com/2018/11/28/pila-placa-base-que-es-funcion/}},
  year={2018},
  month={Noviembre},
  note={Accedido: 08-04-2025}
}

@misc{vasycpila,
  author={Vasyco},
  title={{Pila de la placa base de tu ordenador ¿Para qué sirve y cómo cambiarla?}},
  howpublished={\url{https://www.profesionalreview.com/2018/11/28/pila-placa-base-que-es-funcion/}},
  year={2022},
  month={Noviembre},
  note={Accedido: 08-04-2025}
}

@misc{pcworldpila,
  author={Friedrich Stiemer},
  title={{How to test and change your motherboard's CMOS battery}},
  howpublished={\url{https://www.pcworld.com/article/2072879/to-test-and-change-the-cmos-battery-of-the-mainboard.html}},
  year={2018},
  month={Septiembre},
  note={Accedido: 08-04-2025}
}

@misc{tomshardware2025,
  author={Tom's Hardware},
  title={Best Motherboards 2025},
  year={2025},
  howpublished={\url{https://www.tomshardware.com/best-picks/best-motherboards}},
  note={Accedido: 08-04-2025}
}

@misc{lavanguardiaB550F,
  author    = {La Vanguardia},
  title     = {Comparativa: las mejores placas base para ordenadores AMD},
  year      = {2025},
  howpublished       = {\url{https://www.lavanguardia.com/comprar/comparativas/comparativa-mejores-placas-base-para-ordenadores-amd}},
  note      = {Accedido: 08-04-2025}
}

@misc{lavanguardiaTUF,
  author    = {La Vanguardia},
  title     = {ASUS TUF Gaming B550M-PLUS WiFi II},
  year      = {2025},
  howpublished       = {\url{https://www.lavanguardia.com/comprar/comparativas/comparativa-mejores-placas-base-para-ordenadores-amd}},
  note      = {Accedido: 08-04-2025}
}

@misc{asustufz890,
  author={AS México},
  title={ASUS TUF Gaming Z890-Pro Wi-Fi: Análisis de una tarjeta madre para gamers que facilita la instalación},
  year={2025},
  howpublished={\url{https://as.com/meristation/mexico/asus-tuf-gaming-z890-pro-wi-fi-analisis-de-una-tarjeta-madre-para-gamers-que-facilita-la-instalacion-n/}},
  note={Accedido: 08-04-2025}
}

@misc{msiz890tomahawk,
  author    = {AS México},
  title     = {MAG Z890 Tomahawk WiFi: La tarjeta madre lista para la inteligencia artificial},
  year      = {2025},
  howpublished       = {\url{https://as.com/meristation/mexico/mag-z890-tomahawk-wifi-la-tarjeta-madre-lista-para-la-inteligencia-artificial-n/}},
  note      = {Accedido: 08-04-2025}
}
